@MANUAL{svgspec,
    title = "Scalable Vector Graphics (SVG) 1.1 Specification {[online]}",
    organization = "WWW Consorcium",
    url = "http://www.w3.org/TR/2003/REC-SVG11-20030114/",
    note = "[cit. 2011-07-07]",
    key = "svg"
}

@INBOOK{kobltypo,
	title = "Praktick{\' a} typografie",
	author = "Pavel Ko{\v c}i{\v c}ka and Filip Bla{\v z}ek",
	publisher = "Brno: Computer Press",
	year = "2004"
}

@BOOK{rybicka,
	title = "LaTeX pro za\v c\'ate\v cn\'\i{}ky",
	author = "Ji{\v r}{\' i} Rybi{\v c}ka",
	isbn = "80-7302-049-1",
	publisher = "Brno: Konvoj",
	edition = "3"
}

@INBOOK{Bondy76,
	title= "Graph theory with applications",
	author="J. A. Bondy and U. S. R. Murty",
	isbn="0-444-19451-7",
	publisher="New York: Elsevier Science Publishing Co., Inc.",
	chapter="The incidence and adjacency matrices",
	year="1976",
	pages = "7"
}

@MANUAL{iso690,
	organization = "\'U\v rad pro technickou normalizaci, metrologii a st\'atn\'\i{} zku\v sebnictv\'\i{}",
	title = "\v CSN ISO 690 Informace a dokumentace -- Pravidla pro bibliografick\'e odkazy a citace informa\v cn\'\i{}ch zdroj{\r u}",
	year = "2011"
}


@ARTICLE {sitova-karta-s-fpga-xilinx,
    title  = "Síťová karta s FPGA Xilinx pro 1 a 10GbE",
    journal = "V: Pandatron - elektrotechnický magazín {[online]}",
    howpublished = "[online]",
    month  = "červen",
    year   = "2013",
    note = "[cit. 2015-10-31]",
    url    = "http://pandatron.cz/?2939&sitova_karta_s_fpga_xilinx_pro_1_a_10gbe"
}


@ARTICLE{ Chen10,
 author = {Jim X. Chen},
 title = { Geographic Information Systems},
 journal = {Computing in Science \& Engineering},
 year = {2010},
 month = {Jan.--Feb.},
 pages = {8--9},
 ISSN = {1521-9615}
}

@mastersthesis  {Koc14,
 author= {Luk{\' a}{\v s} Koc},
 school= {Czech Technical University in Prague, Faculty of Information Technology},
 type = {Bachelor's thesis},
 title = {Pl{\' a}nova{\v c} setk{\' a}n{\'  i}},
 year = {2014}
}

@misc{Euro16,
 title = {About Us},
 author = {EuroGeographics},
 howpublished = {\url{http://www.eurogeographics.org/about}}, 
 note = {[cit. 2016-09-04]}
}

@misc{ESPON13,
 title = {ESPON 2013 PROGRAMME},
 author = {ESPON},
 howpublished = {\url{http://www.espon.eu}}, 
 note = {[cit. 2016-09-04]}
}

@misc{EEA16,
 title = {Who we are},
 author = {EEA},
 howpublished = {\url{http://www.eea.europa.eu/about-us}}, 
 note = {[cit. 2016-09-06]}
}

@article{Johnson77,
 author={D. B. Johnson},
 year={1977},
 title = {Efficient algorithms for shortest paths in sparse networks},
 journal = {Journal of the Association for Computing Machinery 24},
 pages = {1 -- 13}
}

@manual{Saad03,
	author= {Yousef Saad},
	year = {2003},
	title = {Iterative Methods for Sparse Linear Systems},
	organization = {Society for Industrial Mathematics}
}